@misc{redis:announcement,
  author = {Salvatore Sanfilippo},
  title = {Redis 4.0 GA is out!},
  note = {\url{https://groups.google.com/forum/\#!msg/redis-db/5Kh3viziYGQ/58TKLwX0AAAJ}},
  year = 2017,
}

@misc{vtune:page-walk,
  author = {Intel},
  title = {Intel VTune Amplifier 2019 User Guide},
  note = {\url{https://software.intel.com/en-us/vtune-amplifier-help-page-walk}},
  year = 2019,
}

@misc{anandtech:nehelem-tlb,
  author = {Anand Lal Shimpi},
  title = {New TLBs, Faster Unaligned Cache Accesses - Nehalem},
  note = {\url{https://www.anandtech.com/show/2594/7}},
  year = 2008,
}

@misc{oracle:thb,
  author = {Michele Casey},
  title = {Performance Issues with Transparent Huge Pages (THP)},
  note = {\url{https://blogs.oracle.com/linux/performance-issues-with-transparent-huge-pages-thp}},
  year = 2013,
}

@misc{redis:thb,
  author = {Salvatore Sanfilippo},
  title = {Redis latency spikes and the Linux kernel: a few more details},
  note = {\url{http://antirez.com/news/84}},
  year = 2014,
}

@misc{mongodb:thb,
  author = {MongoDB, Inc},
  title = {Disable Transparent Huge Pages (THP)},
  note = {\url{https://docs.mongodb.com/manual/tutorial/transparent-huge-pages/}},
  year = 2018,
}

@misc{nelson:thb,
  author = {Nelson Elhage},
  title = {Disable Transparent Hugepages},
  note = {\url{https://blog.nelhage.com/post/transparent-hugepages/}},
  year = 2017,
}

@misc{cloudera:thb,
  author = {Cloudera},
  title = {Optimizing Performance in CDH},
  note = {\url{https://www.cloudera.com/documentation/enterprise/latest/topics/cdh_admin_performance.html}},
  year = 2019,
}

@msic{lwn:hp-interfaces,
  author = {Mel Gorman},
  title = {Huge pages part 2: Interfaces},
  note = {\url{https://lwn.net/Articles/375096/}},
  year = 2010,
}

@article{ipek:2010:dynamic-replication,
 author = {Ipek, Engin and Condit, Jeremy and Nightingale, Edmund B. and Burger, Doug and Moscibroda, Thomas},
 title = {Dynamically Replicated Memory: Building Reliable Systems from Nanoscale Resistive Memories},
 journal = {SIGPLAN Not.},
 issue_date = {March 2010},
 volume = {45},
 number = {3},
 month = mar,
 year = {2010},
 issn = {0362-1340},
 pages = {3--14},
 numpages = {12},
 url = {http://doi.acm.org/10.1145/1735971.1736023},
 doi = {10.1145/1735971.1736023},
 acmid = {1736023},
 publisher = {ACM},
 address = {New York, NY, USA},
 keywords = {phase-change memory, write endurance},
}

@inproceedings{kanev:2015:warehouse-scale,
  author = {Kanev, Svilen and Darago, Juan Pablo and Hazelwood, Kim and Ranganathan, Parthasarathy and Moseley, Tipp and Wei, Gu-Yeon and Brooks, David},
  title = {Profiling a Warehouse-scale Computer},
  booktitle = {Proceedings of the 42Nd Annual International Symposium on Computer Architecture},
  series = {ISCA '15},
  year = {2015},
  isbn = {978-1-4503-3402-0},
  location = {Portland, Oregon},
  pages = {158--169},
  numpages = {12},
  url = {http://doi.acm.org/10.1145/2749469.2750392},
  doi = {10.1145/2749469.2750392},
  acmid = {2750392},
  publisher = {ACM},
  address = {New York, NY, USA},
}

@misc{rahm:atsy,
  author = {Eric Rahm},
  title = {Are They Slim Yet},
  note = {\url{https://github.com/EricRahm/atsy}},
  year = 2017,
}

@misc{speedometer2,
  author = {Addy Osmani, Mathias Bynens & Ryosuke Niwa},
  title = {Speedometer 2.0: A Benchmark for Modern Web App Responsiveness},
  note = {\url{https://webkit.org/blog/8063/speedometer-2-0-a-benchmark-for-modern-web-app-responsiveness/}},
  year = 2018,
}

@misc{awsy,
  author = {John Schoenick},
  title = {ARE WE SLIM YET?},
  note = {\url{https://areweslimyet.com/faq.htm}},
  year = 2017,
}

@misc{ff:quantum,
  author = {Wikipedia: The Free Encyclopedia},
  title = {Quantum (Mozilla)},
  note = {\url{https://en.wikipedia.org/wiki/Quantum_(Mozilla)}},
  year = 2018,
}

@misc{mesh-github,
  author = {Bobby Powers and Emery D. Berger},
  title = {{\Mesh repository}},
  note={\url{https://github.com/plasma-umass/mesh}},
  year={2018}
}

@inproceedings{tene:2011:c4,
 author = {Tene, Gil and Iyengar, Balaji and Wolf, Michael},
 title = {C4: The Continuously Concurrent Compacting Collector},
 booktitle = {Proceedings of the International Symposium on Memory Management},
 series = {ISMM '11},
 year = {2011},
 isbn = {978-1-4503-0263-0},
 location = {San Jose, California, USA},
 pages = {79--88},
 numpages = {10},
 url = {http://doi.acm.org/10.1145/1993478.1993491},
 doi = {10.1145/1993478.1993491},
 acmid = {1993491},
 publisher = {ACM},
 address = {New York, NY, USA},
 keywords = {concurrent, garbage collection, genera- tional, linux, pauseless, read barrier, virtual memory},
}

@inproceedings{click:2005:pauseless,
 author = {Click, Cliff and Tene, Gil and Wolf, Michael},
 title = {The Pauseless GC Algorithm},
 booktitle = {Proceedings of the 1st ACM/USENIX International Conference on Virtual Execution Environments},
 series = {VEE '05},
 month = jun,
 year = {2005},
 isbn = {1-59593-047-7},
 location = {Chicago, IL, USA},
 pages = {46--56},
 numpages = {11},
 url = {http://doi.acm.org/10.1145/1064979.1064988},
 doi = {10.1145/1064979.1064988},
 acmid = {1064988},
 publisher = {ACM},
 address = {New York, NY, USA},
 keywords = {Java, concurrent GC, custom hardware, garbage collection, memory management, read barriers},
}

@inproceedings{Seshadri:2015:POE:2749469.2750379,
 author = {Seshadri, Vivek and Pekhimenko, Gennady and Ruwase, Olatunji and Mutlu, Onur and Gibbons, Phillip B. and Kozuch, Michael A. and Mowry, Todd C. and Chilimbi, Trishul},
 title = {Page Overlays: An Enhanced Virtual Memory Framework to Enable Fine-grained Memory Management},
 booktitle = {Proceedings of the 42Nd Annual International Symposium on Computer Architecture},
 series = {ISCA '15},
 year = {2015},
 isbn = {978-1-4503-3402-0},
 location = {Portland, Oregon},
 pages = {79--91},
 numpages = {13},
 url = {http://doi.acm.org/10.1145/2749469.2750379},
 doi = {10.1145/2749469.2750379},
 acmid = {2750379},
 publisher = {ACM},
 address = {New York, NY, USA},
}

@article{Seshadri:2015:POE:2872887.2750379,
 author = {Seshadri, Vivek and Pekhimenko, Gennady and Ruwase, Olatunji and Mutlu, Onur and Gibbons, Phillip B. and Kozuch, Michael A. and Mowry, Todd C. and Chilimbi, Trishul},
 title = {Page Overlays: An Enhanced Virtual Memory Framework to Enable Fine-grained Memory Management},
 journal = {SIGARCH Comput. Archit. News},
 issue_date = {June 2015},
 volume = {43},
 number = {3},
 month = jun,
 year = {2015},
 issn = {0163-5964},
 pages = {79--91},
 numpages = {13},
 url = {http://doi.acm.org/10.1145/2872887.2750379},
 doi = {10.1145/2872887.2750379},
 acmid = {2750379},
 publisher = {ACM},
 address = {New York, NY, USA},
}


@misc{oilpan-description,
  title = {Blink heap compaction},
  url={https://docs.google.com/document/d/1k-vivOinomDXnScw8Ew5zpsYCXiYqj76OCOYZSvHkaU/edit#},
  year = {2017},
}

@manual{redhat:cgroups,
  title = {Introduction To Control Groups, Resource Management Guide},
  author = {Navrátil, Milan and Doleželová, Marie and Ondrejka, Peter and Majoršinová, Eva and Prpič, Martin and Landmann, Rüdiger and Silas, Douglas },
  note  = {\url{https://access.redhat.com/documentation/en-us/red_hat_enterprise_linux/6/html/resource_management_guide/ch01}},
  year = {2017},
}

@inproceedings{serebryany2012addresssanitizer,
  title={{AddressSanitizer}: A Fast Address Sanity Checker.},
  author={Serebryany, Konstantin and Bruening, Derek and Potapenko, Alexander and Vyukov, Dmitriy},
  booktitle={{USENIX Annual Technical Conference}},
  pages={309--318},
  year={2012}
}

@INPROCEEDINGS{detlefs:1992:gc,
    author = {David Detlefs},
    title = {Garbage Collection and Run-time Typing as a {C++} Library},
    booktitle = {{Proceedings of the 1992 {USENIX} {C++} Conference}},
    year = {1992},
    pages = {37--56},
    publisher = {USENIX Association}
}

@inproceedings{edelson:1992:precompilingcgc,
 author = {Edelson, Daniel R.},
 title = {Precompiling {C++} for Garbage Collection},
 booktitle = {{Proceedings of the International Workshop on Memory Management}},
 series = {IWMM '92},
 year = {1992},
 isbn = {3-540-55940-X},
 pages = {299--314},
 numpages = {16},
 url = {http://dl.acm.org/citation.cfm?id=645648.664820},
 acmid = {664820},
 publisher = {Springer-Verlag},
 address = {London, UK, UK},
}

@manual{hara:whymemory,
  title  = {[Chromium] Why We Work On Memory},
  author = {Hara, Kentaro},
  note   = {\url{https://docs.google.com/document/d/1jhERqimO-LtuplzQzbBv1vK7SVOh63AMf2irJI2LOqU}},
  year   = {2016},
  note   = {Accessed: 2017-04-22},
}

@manual{hara:stateofblink,
  title  = {State of Blink's Speed},
  author = {Hara, Kentaro},
  note   = {\url{https://docs.google.com/presentation/d/1Az-F3CamBq6hZ5QqQt-ynQEMWEhHY1VTvlRwL7b_6TU}},
  month  = sep,
  year   = {2017},
  note   = {Accessed: 2017-11-12},
}

@manual{google:oilpan,
  title  = {[Blink-dev] Oilpan - experimenting with a garbage collected heap for the DOM},
  author = {Mads Adger},
  note   = {\url{http://bit.ly/2pwDhwk}},
  year   = {2013},
  note   = {Accessed: 2017-05-10},
}

@inproceedings{evans2006scalable,
  title={A scalable concurrent malloc (3) implementation for FreeBSD},
  author={Evans, Jason},
  booktitle={Proc. of the bsdcan conference, ottawa, canada},
  year={2006}
}

@misc{ghemawattcmalloc,
  title={{TCMalloc}: Thread-caching malloc},
  author={Ghemawat, Sanjay and Menage, Paul},
  year = 2007,
  note = {\url{http://goog-perftools.sourceforge.net/doc/tcmalloc.html}},
  note   = {Accessed: 2017-11-12},
}

@manual{jemalloc:exposehints,
  title  = {[jemalloc] expose hints that will allow applications to perform runtime active defragmentation Bug 566},
  author = {Dave Rigby},
  note   = {\url{https://github.com/jemalloc/jemalloc/issues/566}},
  year   = {2017},
  note   = {Accessed: 2017-11-12},
}

@manual{rpi:zero,
  title  = {Raspberry Pi Zero},
  author = {Raspberry Pi Foundation},
  note   = {\url{https://www.raspberrypi.org/products/pi-zero/}},
  year   = {2016},
  note   = {Accessed: 2017-04-22},
}

@inproceedings{McGregorV16,
  author    = {Andrew McGregor and
               Sofya Vorotnikova},
  title     = {Planar Matching in Streams Revisited},
  booktitle = {Approximation, Randomization, and Combinatorial Optimization. Algorithms
               and Techniques, {APPROX/RANDOM} 2016, September 7-9, 2016, Paris,
               France},
  pages     = {17:1--17:12},
  year      = {2016},
  url       = {https://doi.org/10.4230/LIPIcs.APPROX-RANDOM.2016.17},
  doi       = {10.4230/LIPIcs.APPROX-RANDOM.2016.17},
  timestamp = {Tue, 23 May 2017 01:11:00 +0200},
  biburl    = {http://dblp.org/rec/bib/conf/approx/McGregorV16},
  bibsource = {dblp computer science bibliography, http://dblp.org}
}


@article{boehm:1988:uncooperative,
 author = {Boehm, Hans-Juergen and Weiser, Mark},
 title = {Garbage Collection in an Uncooperative Environment},
 journal = {Softw. Pract. Exper.},
 issue_date = {September 1988},
 volume = {18},
 number = {9},
 month = sep,
 year = {1988},
 issn = {0038-0644},
 pages = {807--820},
 numpages = {14},
 url = {http://dx.doi.org/10.1002/spe.4380180902},
 doi = {10.1002/spe.4380180902},
 acmid = {52202},
 publisher = {John Wiley \& Sons, Inc.},
 address = {New York, NY, USA},
}

@article{zuckerman07,
  author = {Zuckerman, David},
  title = {Linear Degree Extractors and the Inapproximability of Max Clique and Chromatic Number},
  journal = {Theory of Computing},
  volume = {3},
  number = {6},
  year = {2007},
  pages = {103-128}
}

@manual{mozilla:spidermonkey-compaction,
  title  = {Compacting Garbage Collection in SpiderMonkey},
  author = {Jon Coppeard},
  note   = {\url{https://mzl.la/2rntQlY}},
  year   = {2015},
  note   = {Accessed: 2017-04-23},
}

@manual{microsoft:dotnet-gc,
  title  = {Garbage Collector Basics and Performance Hints},
  author = {Rico Mariani},
  note   = {\url{https://msdn.microsoft.com/en-us/library/ms973837.aspx}},
  year   = {2003},
  note   = {Accessed: 2017-04-23},
}


@misc{microystems2006memory,
  title={Memory Management in the Java HotSpot™ Virtual Machine},
  author={Sun~Microystems},
  year={2006},
  publisher={Sun Microsystems, Inc.}
}

@inproceedings{johnstone:1998:fragmentation,
 author = {Johnstone, Mark S. and Wilson, Paul R.},
 title = {The Memory Fragmentation Problem: Solved?},
 booktitle = {Proceedings of the 1st International Symposium on Memory Management},
 series = {ISMM '98},
 year = {1998},
 isbn = {1-58113-114-3},
 location = {Vancouver, British Columbia, Canada},
 pages = {26--36},
 numpages = {11},
 url = {http://doi.acm.org/10.1145/286860.286864},
 doi = {10.1145/286860.286864},
 acmid = {286864},
 publisher = {ACM},
 address = {New York, NY, USA},
}

@article{fenichel:1969:compaction,
 author = {Fenichel, Robert R. and Yochelson, Jerome C.},
 title = {A LISP Garbage-collector for Virtual-memory Computer Systems},
 journal = {Commun. ACM},
 issue_date = {Nov. 1969},
 volume = {12},
 number = {11},
 month = nov,
 year = {1969},
 issn = {0001-0782},
 pages = {611--612},
 numpages = {2},
 url = {http://doi.acm.org/10.1145/363269.363280},
 doi = {10.1145/363269.363280},
 acmid = {363280},
 publisher = {ACM},
 address = {New York, NY, USA},
 keywords = {LISP: garbage-collector, list-processing, storage-allocation, virtual memory},
}

@article{hansen:1969:compaction,
 author = {Hansen, Wilfred J.},
 title = {Compact List Representation: Definition, Garbage Collection, and System Implementation},
 journal = {Commun. ACM},
 issue_date = {Sept. 1969},
 volume = {12},
 number = {9},
 month = sep,
 year = {1969},
 issn = {0001-0782},
 pages = {499--507},
 numpages = {9},
 url = {http://doi.acm.org/10.1145/363219.363225},
 doi = {10.1145/363219.363225},
 acmid = {363225},
 publisher = {ACM},
 address = {New York, NY, USA},
 keywords = {LISP, compact list, data representation, data structure, free storage, garbage collection, list, list processing system, list representation, list structure, macro, plex, plex processing, pointer, primitive list operations, relocation, storage reclamation},
}

@inproceedings{wilson:1995:survey,
 author = {Wilson, Paul R. and Johnstone, Mark S. and Neely, Michael and Boles, David},
 title = {Dynamic Storage Allocation: A Survey and Critical Review},
 booktitle = {Proceedings of the International Workshop on Memory Management},
 series = {IWMM '95},
 year = {1995},
 isbn = {3-540-60368-9},
 pages = {1--116},
 numpages = {116},
 url = {http://dl.acm.org/citation.cfm?id=645647.664690},
 acmid = {664690},
 publisher = {Springer-Verlag},
 address = {London, UK, UK},
}

@inproceedings{wegiel:2008:mapping-collector,
 author = {Wegiel, Michal and Krintz, Chandra},
 title = {The Mapping Collector: Virtual Memory Support for Generational, Parallel, and Concurrent Compaction},
 booktitle = {Proceedings of the 13th International Conference on Architectural Support for Programming Languages and Operating Systems},
 series = {ASPLOS XIII},
 year = {2008},
 isbn = {978-1-59593-958-6},
 location = {Seattle, WA, USA},
 pages = {91--102},
 numpages = {12},
 url = {http://doi.acm.org/10.1145/1346281.1346294},
 doi = {10.1145/1346281.1346294},
 acmid = {1346294},
 publisher = {ACM},
 address = {New York, NY, USA},
 keywords = {compaction, concurrent, parallel, virtual memory},
}

@Inbook{karp:1972:reducibility,
author="Karp, Richard M.",
editor="Miller, Raymond E.
and Thatcher, James W.
and Bohlinger, Jean D.",
title="Reducibility among Combinatorial Problems",
bookTitle="Complexity of Computer Computations: Proceedings of a symposium on the Complexity of Computer Computations, held March 20--22, 1972, at the IBM Thomas J. Watson Research Center, Yorktown Heights, New York, and sponsored by the Office of Naval Research, Mathematics Program, IBM World Trade Corporation, and the IBM Research Mathematical Sciences Department",
year="1972",
publisher="Springer US",
address="Boston, MA",
pages="85--103",
isbn="978-1-4684-2001-2",
doi="10.1007/978-1-4684-2001-2_9",
url="http://dx.doi.org/10.1007/978-1-4684-2001-2_9"
}

@misc{knuth:1981:semi,
  title={The Art of Programming, vol. 2, Semi-Numerical Algorithms},
  author={Knuth, Donald E},
  year={1981},
  publisher={Addison Wesley, Reading, MA}
}

@article{baker:2009:accurategc,
 author = {Baker, J. and Cunei, A. and Kalibera, T. and Pizlo, F. and Vitek, J.},
 title = {Accurate Garbage Collection in Uncooperative Environments Revisited},
 journal = {Concurr. Comput. : Pract. Exper.},
 issue_date = {August 2009},
 volume = {21},
 number = {12},
 month = aug,
 year = {2009},
 issn = {1532-0626},
 pages = {1572--1606},
 numpages = {35},
 url = {http://dx.doi.org/10.1002/cpe.v21:12},
 doi = {10.1002/cpe.v21:12},
 acmid = {1572727},
 publisher = {John Wiley and Sons Ltd.},
 address = {Chichester, UK},
 keywords = {Java, compilers, garbage collection, programming languages, runtime systems},
}

@article{robson:1977:worstcasefrag,
author = {Robson, J. M.},
title = {Worst case fragmentation of first fit and best fit storage allocation strategies},
journal = {The Computer Journal},
volume = {20},
number = {3},
pages = {242},
year = {1977},
doi = {10.1093/comjnl/20.3.242},
URL = {http://dx.doi.org/10.1093/comjnl/20.3.242},
}

@article{hopcroft:1973:maxmatching,
author = {John E. Hopcroft and Richard M. Karp},
title = {An {$n^{5/2}$} Algorithm for Maximum Matchings in Bipartite Graphs},
journal = {SIAM Journal on Computing},
volume = {2},
number = {4},
pages = {225-231},
year = {1973},
doi = {10.1137/0202019},
URL = {
        http://dx.doi.org/10.1137/0202019
},
eprint = {
        http://dx.doi.org/10.1137/0202019
}
}

@inproceedings{Cohen:2013:LPC:2491956.2491973,
 author = {Cohen, Nachshon and Petrank, Erez},
 title = {Limitations of Partial Compaction: Towards Practical Bounds},
 booktitle = {Proceedings of the 34th ACM SIGPLAN Conference on Programming Language Design and Implementation},
 series = {PLDI '13},
 year = {2013},
 isbn = {978-1-4503-2014-6},
 location = {Seattle, Washington, USA},
 pages = {309--320},
 numpages = {12},
 url = {http://doi.acm.org/10.1145/2491956.2491973},
 doi = {10.1145/2491956.2491973},
 acmid = {2491973},
 publisher = {ACM},
 address = {New York, NY, USA},
 keywords = {compaction, lower bounds, memofragmentation, memory management, theory},
}

@article{Cohen:2017:LPC:3050768.2994597,
 author = {Cohen, Nachshon and Petrank, Erez},
 title = {Limitations of Partial Compaction: Towards Practical Bounds},
 journal = {ACM Trans. Program. Lang. Syst.},
 issue_date = {March 2017},
 volume = {39},
 number = {1},
 month = mar,
 year = {2017},
 issn = {0164-0925},
 pages = {2:1--2:44},
 articleno = {2},
 numpages = {44},
 url = {http://doi.acm.org/10.1145/2994597},
 doi = {10.1145/2994597},
 acmid = {2994597},
 publisher = {ACM},
 address = {New York, NY, USA},
 keywords = {Memory management, compaction, fragmentation, lower bounds, theory},
}
